%%%%%%%%%%%%%%%%%%%%%%%%%%%%%%%%%%%%%%%%%%%%%%%%%%%%%%%
%---BIBLIOGRAPHY FOR THE DOCTORAL THESIS MANUSCRIPT---%
%%%%%%%%%%%%%%%%%%%%%%%%%%%%%%%%%%%%%%%%%%%%%%%%%%%%%%%

@article{Huelsenbeck2001,
  author = {Huelsenbeck, J. P. and Ronquist, F.},
  issn = {1367-4803},
  journal = {Bioinformatics},
  keywords = {influenza, influenza\_science},
  month = {August},
  number = 8,
  pages = {754--755},
  title = {MRBAYES: Bayesian inference of phylogenetic trees.},
  url = {http://dx.doi.org/10.1093/bioinformatics/17.8.754},
  volume = 17,
  year = 2001
}



@article{Fitch1971,
  author = {Fitch, Walter M.},
  journal = {Systematic Zoology},
  number = 4,
  pages = {pp. 406-416},
  publisher = {Taylor \& Francis, Ltd. for the Society of Systematic Biologists},
  title = {Toward Defining the Course of Evolution: Minimum Change for a Specific Tree Topology},
  volume = 20,
  year = 1971
}


@article{Fitch1967,
  author = {Fitch, W. M. and Margoliash, E.},
  journal = {Science},
  pages = {279-284},
  title = {Construction of Phylogenetic Trees},
  volume = 155,
  year = 1967
}


@Article{Volz2013,
   Author="Volz, E. M.  and Koelle, K.  and Bedford, T. ",
   Title="{{V}iral phylodynamics}",
   Journal="PLoS Comput. Biol.",
   Year="2013",
   Volume="9",
   Number="3",
   Pages="e1002947"
}

@Article{Volz2009,
   Author="Volz, E. M.  and Kosakovsky Pond, S. L.  and Ward, M. J.  and Leigh Brown, A. J.  and Frost, S. D. ",
   Title="{{P}hylodynamics of infectious disease epidemics}",
   Journal="Genetics",
   Year="2009",
   Volume="183",
   Number="4",
   Pages="1421--1430",
   Month="Dec"
}

@article{Grenfell2004,
author = {Grenfell, Bryan T. and Pybus, Oliver G. and Gog, Julia R. and Wood, James L. N. and Daly, Janet M. and Mumford, Jenny A. and Holmes, Edward C.}, 
title = {Unifying the Epidemiological and Evolutionary Dynamics of Pathogens},
volume = {303}, 
number = {5656}, 
pages = {327-332}, 
year = {2004}, 
doi = {10.1126/science.1090727}, 
URL = {http://www.sciencemag.org/content/303/5656/327.abstract}, 
eprint = {http://www.sciencemag.org/content/303/5656/327.full.pdf}, 
journal = {Science} 
}


@book{Leitner2002,
  title={The Molecular Epidemiology of Human Viruses},
  author={Leitner, T.},
  isbn={9781402071843},
  lccn={20273053},
  url={http://books.google.ca/books?id=r8AOaGAGzlAC},
  year={2002},
  publisher={Springer US}
}

@Article{Jones2008,
   Author="Jones, K. E.  and Patel, N. G.  and Levy, M. A.  and Storeygard, A.  and Balk, D.  and Gittleman, J. L.  and Daszak, P. ",
   Title="{{G}lobal trends in emerging infectious diseases}",
   Journal="Nature",
   Year="2008",
   Volume="451",
   Number="7181",
   Pages="990--993",
   Month="Feb"
}

@article{Fraser2009,
author = {Fraser, Christophe and Donnelly, Christl A. and Cauchemez, Simon and Hanage, William P. and Van Kerkhove, Maria D. and Hollingsworth, T. DÃ©irdre and Griffin, Jamie and Baggaley, Rebecca F. and Jenkins, Helen E. and Lyons, Emily J. and Jombart, Thibaut and Hinsley, Wes R. and Grassly, Nicholas C. and Balloux, Francois and Ghani, Azra C. and Ferguson, Neil M. and Rambaut, Andrew and Pybus, Oliver G. and Lopez-Gatell, Hugo and Alpuche-Aranda, Celia M. and Chapela, Ietza Bojorquez and Zavala, Ethel Palacios and Guevara, Dulce Ma. Espejo and Checchi, Francesco and Garcia, Erika and Hugonnet, Stephane and Roth, Cathy and The WHO Rapid Pandemic Assessment Collaboration}, 
title = {Pandemic Potential of a Strain of Influenza A (H1N1): Early Findings},
volume = {324}, 
number = {5934}, 
pages = {1557-1561}, 
year = {2009}, 
doi = {10.1126/science.1176062}, 
URL = {http://www.sciencemag.org/content/324/5934/1557.abstract}, 
eprint = {http://www.sciencemag.org/content/324/5934/1557.full.pdf}, 
journal = {Science} 
}

@article{Wertheim2011,
  Author = {Wertheim, J. O. and Kosakovsky Pond, S. L.},
	Journal = {Molecular Biology and Evolution},
	Month = {December},
	Number = {12},
	Pages = {3355--3365},
	Title = {Purifying selection can obscure the ancient age of viral lineages},
	Volume = {28},
	Year = {2011}
}

@article{Edwards2011,
  title={Ancient hybridization and an {I}rish origin for the modern polar bear matriline},
  author={Edwards, C.J. and Suchard, M.A. and Lemey, P. and Welch, J.J. and Barnes, I. and Fulton, T.L. and Barnett, R. and O'Connell, T.C. and Coxon, P. and Monaghan, N. and others},
  journal={Current Biology},
  year={2011},
  publisher={Cell Press},
  volume={21},
  pages={1251--1258},
}

@article{GTR,
  Author = {S. Tavar\'e},
	Journal = {Lectures on Mathematics in the Life Sciences (American Mathematical Society)},
	Pages = {57--86},
	Title = {Some probabilistic and statistical problems in the analysis of {DNA} sequences.},
	Volume = {17},
	Year = {1986}
}

@article{Tamura1993,
  Author = {K. Tamura and M. Nei},
	Journal = {Molecular Biology and Evolution},
	Number = {3},
	Pages = {512--526},
	Title = {Estimation of the number of nucleotide substitutions in the control region of mitochondrial DNA in humans and chimpanzees.},
	Volume = {10},
	Year = {1993}
}

@article{Hasegawa1985,
	Author = {Hasegawa, Masami and Kishino, Hirohisa and Yano, Taka-aki},
	Doi = {10.1007/BF02101694},
	Issn = {0022-2844},
	Issue = {2},
	Journal = {Journal of Molecular Evolution},
	Keywords = {Evolution of hominoids; Phylogenetic position ofAustralopithecus afarensis; Interspecies transfer of mitochondrial DNA},
	Pages = {160-174},
	Publisher = {Springer-Verlag},
	Title = {Dating of the human-ape splitting by a molecular clock of mitochondrial DNA},
	Volume = {22},
	Year = {1985}
}

@incollection{Jukes1969,
	Address = {New York},
	Author = {Jukes, Thomas H. and Cantor, Charles R.},
	Booktitle = {Mammalian protein metabolism},
	Editor = {Munro, R.},
	Publisher = {Academic press},
	Title = {Evolution of protein molecules},
	Volume = {3},
	Year = {1969}
}

@inproceedings{Dayhoff1978,
	Author = {Dayhoff, Margaret O and Schwartz, Robert M},
	Booktitle = {In Atlas of protein sequence and structure},
	Organization = {Citeseer},
	Title = {A model of evolutionary change in proteins},
	Year = {1978}
}

@article{Jones1992,
	Author = {Jones, D. T. and Taylor, W. R. and Thornton, J. M.},
	Journal = {Computer Applications in the Biosciences},
	Month = {Jun},
	Number = {3},
	Pages = {275--282},
	Title = {{{T}he rapid generation of mutation data matrices from protein sequences}},
	Volume = {8},
	Year = {1992}
}

@article{Henikoff1992,
	Author = {Henikoff, S. and Henikoff, J. G.},
	Journal = {Proceedings of the National Academy of Sciences},
	Month = {Nov},
	Number = {22},
	Pages = {10915--10919},
	Title = {{{A}mino acid substitution matrices from protein blocks}},
	Volume = {89},
	Year = {1992}
}

@article{Arbogast2002,
  title={Estimating divergence times from molecular data on phylogenetic and population genetic timescales},
	author={Arbogast, B. S. and Edwards, S. V. and Wakeley, J. and Beerli, P. and Slowinski, J. B.},
	journal={Annual Review of Ecology, Evolution, and Systematics},
	year={2002},
	volume={33},
	pages={707--740}
}

@article{PAML,
  title={PAML 4: Phylogenetic Analysis by Maximum Likelihood},
	author={Yang, Ziheng},
	journal={Molecular Biology and Evolution },
	volume={24},
	number={8},
	pages={1586--1591},
	year={2007}
}

@article{LG,
	title={An improved general amino acid replacement matrix},
	author={Le, S. Q. and Gascuel, O.},
	journal={Molecular Biology and Evolution },
	volume={25},
	number={7},
	year={2008},
	pages={1307--1320}
}

@article{WAG,
	title={A general empirical model of protein evolution derived from multiple protein families using a maximum-likelihood approach},
	author={Whelan, S. and Goldman, N.},
	journal={Molecular Biology and Evolution },
	volume={18},
	number={5},
	year={2001},
	pages={691--699}
}

@article{HyPhy,
	title={HyPhy: hypothesis testing using phylogenies},
	author={Pond, S. L. K. and Frost, S. D. W. and Muse S. V.},
	journal={Bioinformatics},
	volume={21},
	number={5},
	year={2005},
	pages={676--679}
}

@article{Rambaut1997,
  title={Seq-Gen: an application for the Monte Carlo simulation of DNA sequence evolution along phylogenetic trees},
  author={Rambaut, Andrew and Grass, Nicholas C},
  journal={Computer applications in the biosciences: CABIOS},
  volume={13},
  number={3},
  pages={235--238},
  year={1997},
  publisher={Oxford Univ Press}
}

@article{Goldman1993,
  Author = {Goldman, N},
	Date-Added = {2013-09-09 13:18:21 +0000},
	Date-Modified = {2013-09-09 13:18:32 +0000},
	Journal = {J Mol Evol},
	Journal-Full = {Journal of molecular evolution},
	Mesh = {Animals; Base Sequence; Biological Evolution; DNA; Globins; Humans; Models, Genetic; Phylogeny; Primates; Pseudogenes; RNA; Statistics as Topic},
	Month = {Feb},
	Number = {2},
	Pages = {182-98},
	Pmid = {7679448},
	Pst = {ppublish},
	Title = {Statistical tests of models of DNA substitution},
	Volume = {36},
	Year = {1993}
}

@article{Brown2009,
  Author = {Brown, Jeremy M and ElDabaje, Robert},
	Date-Added = {2013-09-09 13:06:23 +0000},
	Date-Modified = {2013-09-09 13:06:47 +0000},
	Doi = {10.1093/bioinformatics/btn651},
	Journal = {Bioinformatics},
	Journal-Full = {Bioinformatics (Oxford, England)},
	Mesh = {Base Sequence; Bayes Theorem; Evolution, Molecular; Internet; Phylogeny; Sequence Alignment; Software},
	Month = {Feb},
	Number = {4},
	Pages = {537-8},
	Pmid = {19098028},
	Pst = {ppublish},
	Title = {PuMA: Bayesian analysis of partitioned (and unpartitioned) model adequacy},
	Volume = {25},
	Year = {2009},
	Bdsk-Url-1 = {http://dx.doi.org/10.1093/bioinformatics/btn651}
}

@article{Blanchette2008,
  Author = {Blanchette, Mathauieu and Diallo, Abdoulaye Banir{\'e} and Green, Eric D and Miller, Webb and Haussler, David},
	Date-Added = {2013-09-09 13:21:31 +0000},
	Date-Modified = {2013-09-09 13:21:52 +0000},
	Doi = {10.1007/978-1-59745-581-7_11},
	Journal = {Methods in Molecular Biology},
	Journal-Full = {Methods in molecular biology (Clifton, N.J.)},
	Mesh = {Animals; Base Sequence; Computational Biology; Computer Simulation; Humans; Molecular Sequence Data; Phylogeny},
	Pages = {171-84},
	Pmid = {18629667},
	Pst = {ppublish},
	Title = {Computational reconstruction of ancestral DNA sequences},
	Volume = {422},
	Year = {2008},
	Bdsk-Url-1 = {http://dx.doi.org/10.1007/978-1-59745-581-7_11}
}

@conference{Stamatakis2005,
  Author = {Stamatakis, Alexandros},
	Booktitle = {Parallel and Distributed Processing Symposium, 2005. Proceedings. 19th IEEE International},
	Date-Added = {2013-09-09 13:49:24 +0000},
	Date-Modified = {2013-09-09 13:50:45 +0000},
	Title = {An efficient program for phylogenetic inference using simulated annealing},
	Year = {2005}
}

@book{Silverman1986,
 title =  "Density Estimation for Statistics and Data Analysis",
 author =	"B. W. Silverman and P. J. Green",
 publisher =	"Chapman and Hall",
 address =	"London",
 year = 	1986
}

@article{Snyder1978,
 author = {Snyder, William V.},
 title = {Algorithm 531: Contour Plotting [J6]},
 journal = {ACM Trans. Math. Softw.},
 issue_date = {Sept. 1978},
 volume = {4},
 number = {3},
 month = sep,
 year = {1978},
 issn = {0098-3500},
 pages = {290--294},
 numpages = {5},
 url = {http://doi.acm.org/10.1145/355791.355800},
 doi = {10.1145/355791.355800},
 acmid = {355800},
 publisher = {ACM},
 address = {New York, NY, USA},
} 

@Article{Dudas2014,
   Author="Dudas, G.  and Rambaut, A. ",
   Title="{{P}hylogenetic {A}nalysis of {G}uinea 2014 {E}{B}{O}{V} {E}bolavirus {O}utbreak}",
   Journal="PLoS Curr",
   Year="2014",
   Volume="6",
   Pages=" "
}

@article{LeQuesne1974,
author = {Le Quesne, Walter J.}, 
title = {The Uniquely Evolved Character Concept and its Cladistic Application},
volume = {23}, 
number = {4}, 
pages = {513-517}, 
year = {1974}, 
doi = {10.1093/sysbio/23.4.513}, 
URL = {http://sysbio.oxfordjournals.org/content/23/4/513.abstract}, 
eprint = {http://sysbio.oxfordjournals.org/content/23/4/513.full.pdf+html}, 
journal = {Systematic Biology} 
}

@Manual{RCran,
    title = {R: A Language and Environment for Statistical Computing},
    author = {{R Core Team}},
    organization = {R Foundation for Statistical Computing},
    address = {Vienna, Austria},
    year = {2013},
    url = {http://www.R-project.org/},
  }

@article{Pybus2012,
author = {Pybus, Oliver G. and Suchard, Marc A. and Lemey, Philippe and Bernardin, Flavien J. and Rambaut, Andrew and Crawford, Forrest W. and Gray, Rebecca R. and Arinaminpathy, Nimalan and Stramer, Susan L. and Busch, Michael P. and Delwart, Eric L.}, 
title = {Unifying the spatial epidemiology and molecular evolution of emerging epidemics},
volume = {109}, 
number = {37}, 
pages = {15066-15071}, 
year = {2012}, 
doi = {10.1073/pnas.1206598109}, 
URL = {http://www.pnas.org/content/109/37/15066.abstract}, 
eprint = {http://www.pnas.org/content/109/37/15066.full.pdf+html}, 
journal = {Proceedings of the National Academy of Sciences} 
}


@article{Fletcher2009,
  Author = {Fletcher, W. and Yang, Z.},
	Journal = {Molecular Biology and Evolution },
	Month = {Aug},
	Number = {8},
	Pages = {1879--1888},
	Title = {{{I}{N}{D}{E}{L}ible: a flexible simulator of biological sequence evolution}},
	Volume = {26},
	Year = {2009}
}

@article{Kuo1998,
    author = {Lynn Kuo and Bani Mallick},
    title = {Variable Selection for Regression Models},
    year = {1998},
    journal = {Sankhya B},
    number = {60},
    pages = {65--81}
}

@ARTICLE{Nelder1972,
  AUTHOR = {Nelder, J. A. and Wedderburn, R. W. M.},
  TITLE = {Generalized linear models},
  YEAR = {1972},
  JOURNAL = {Journal of the Royal Statistical Society, Series A, General},
  VOLUME = {135},
  PAGES = {370--384},
  KEYWORDS = {Probit analysis; Analysis of variance; Contingency table; Exponential family; Quantal response; Weighted least squares}
}

@Article{Lemey2014,
   Author="Lemey, P.  and Rambaut, A.  and Bedford, T.  and Faria, N.  and Bielejec, F.  and Baele, G.  and Russell, C. A.  and Smith, D. J.  and Pybus, O. G.  and Brockmann, D.  and Suchard, M. A. ",
   Title="{{U}nifying viral genetics and human transportation data to predict the global transmission dynamics of human influenza {H}3{N}2}",
   Journal="PLoS Pathog.",
   Year="2014",
   Volume="10",
   Number="2",
   Pages="e1003932",
   Month="Feb"
}

@article{Ferguson1973,
  added-at = {2010-10-11T23:06:25.000+0200},
  author = {Ferguson, Thomas S.},
  biburl = {http://www.bibsonomy.org/bibtex/2d56bbb7b302c8f34d6ce0a13ed124e55/kurtmiller},
  interhash = {67171934a282f3e5689ec073a95e1d1d},
  intrahash = {d56bbb7b302c8f34d6ce0a13ed124e55},
  journal = {The Annals of Statistics},
  keywords = {imported},
  number = 2,
  pages = {209--230},
  timestamp = {2010-10-11T23:06:25.000+0200},
  title = {A {B}ayesian Analysis of Some Nonparametric Problems},
  volume = 1,
  year = 1973
}

@inbook{Zuckerkandl1962,
  added-at = {2009-01-22T02:55:58.000+0100},
  address = {Amsterdam},
  author = {Zuckerkandl, E. and Pauling, L.},
  biburl = {http://www.bibsonomy.org/bibtex/24b4aa254345c3ad269194447c4b68d34/stephane.guindon},
  chapter = {Molecular disease, evolution, and genic heterogeneity},
  interhash = {9b577107548ab54f17b81887f81b3275},
  intrahash = {4b4aa254345c3ad269194447c4b68d34},
  keywords = {imported},
  pages = {189-225},
  publisher = {Elsevier},
  timestamp = {2009-01-22T02:55:58.000+0100},
  title = {Horizons in Biochemistry},
  year = 1962
}

@Article{Andreasen2001,
   Author="Andreasen, K.  and Baldwin, B. G. ",
   Title="{{U}nequal evolutionary rates between annual and perennial lineages of checker mallows ({S}idalcea, {M}alvaceae): evidence from 18{S}-26{S} r{D}{N}{A} internal and external transcribed spacers}",
   Journal="Mol. Biol. Evol.",
   Year="2001",
   Volume="18",
   Number="6",
   Pages="936--944",
   Month="Jun"
}

@Article{EyreWalker1997,
   Author="Eyre-Walker, A.  and Gaut, B. S. ",
   Title="{{C}orrelated rates of synonymous site evolution across plant genomes}",
   Journal="Mol. Biol. Evol.",
   Year="1997",
   Volume="14",
   Number="4",
   Pages="455--460",
   Month="Apr"
}

@Article{Yang2000,
   Author="Yang, Z.  and Nielsen, R.  and Goldman, N.  and Pedersen, A. M. ",
   Title="{{C}odon-substitution models for heterogeneous selection pressure at amino acid sites}",
   Journal="Genetics",
   Year="2000",
   Volume="155",
   Number="1",
   Pages="431--449",
   Month="May"
}

@article{Sethuraman94,
  author = {Sethuraman, Jayaram},
  journal = {Statistica Sinica},
  pages = {639-650},
  title = {A constructive definition of {Dirichlet} priors},
  volume = 4,
  year = 1994
}

@Article{Rodrigue2008,
   Author="Rodrigue, N.  and Lartillot, N.  and Philippe, H. ",
   Title="{{B}ayesian comparisons of codon substitution models}",
   Journal="Genetics",
   Year="2008",
   Volume="180",
   Number="3",
   Pages="1579--1591",
   Month="Nov"
}

@book{ThePhylogeneticHandbook,
   author = {Lemey, Philippe and Salemi, Marco and Vandamme, Anne-Mieke},
   title = {The Phylogenetic Handbook A Practical Approach to Phylogenetic Analysis and Hypothesis Testing},
   year = {2009},   
   isbn = {978-0-521-87710-7},
   publisher = {Cambridge University Press}
}

@Article{Gu1995,
   Author="Gu, X.  and Fu, Y. X.  and Li, W. H. ",
   Title="{{M}aximum likelihood estimation of the heterogeneity of substitution rate among nucleotide sites}",
   Journal="Mol. Biol. Evol.",
   Year="1995",
   Volume="12",
   Number="4",
   Pages="546--557",
   Month="Jul"
}

@Article{Arenas2012,
   Author="Arenas, M. ",
   Title="{{S}imulation of molecular data under diverse evolutionary scenarios}",
   Journal="PLoS Computational Biology",
   Year="2012",
   Volume="8",
   Number="5",
   Pages="e1002495",
   Month="May"
}

@Article{Hoban2011,
   Author="Hoban, S.  and Bertorelle, G.  and Gaggiotti, O. E. ",
   Title="{{C}omputer simulations: tools for population and evolutionary genetics}",
   Journal="Nature Reviews Genetics",
   Year="2011",
   Volume="13",
   Number="2",
   Pages="110--122",
   Month="Feb"
}

@article {Kidd2006,
author = {Kidd, David M. and Ritchie, Michael G.},
title = {Phylogeographic information systems: putting the geography into phylogeography},
journal = {Journal of Biogeography},
volume = {33},
number = {11},
publisher = {Blackwell Publishing Ltd},
issn = {1365-2699},
url = {http://dx.doi.org/10.1111/j.1365-2699.2006.01574.x},
doi = {10.1111/j.1365-2699.2006.01574.x},
pages = {1851--1865},
keywords = {Bioinformatics, coalescent, GeoPhylo data standards, geographical information system, historical biogeography, phylogeography, phyloinformatics, population genetics, visualization},
year = {2006},
}

@Article{Parks2009,
   Author="Parks, D. H.  and Porter, M.  and Churcher, S.  and Wang, S.  and Blouin, C.  and Whalley, J.  and Brooks, S.  and Beiko, R. G. ",
   Title="{{G}en{G}{I}{S}: {A} geospatial information system for genomic data}",
   Journal="Genome Res.",
   Year="2009",
   Volume="19",
   Number="10",
   Pages="1896--1904",
   Month="Oct"
}

@book{Henning1966,
  author = {Henning, Willi},
  title = {Phylogenetic Systematics},
  year = 1966,
  isbn = {0-252-06815-9},
  publisher = {University of Illinois Press}
}

@Article{Brockmann2006,
   Author="Brockmann, D.  and Hufnagel, L.  and Geisel, T. ",
   Title="{{T}he scaling laws of human travel}",
   Journal="Nature",
   Year="2006",
   Volume="439",
   Number="7075",
   Pages="462--465",
   Month="Jan"
}

@Article{Hasegawa1987,
   Author="Hasegawa, M.  and Kishino, H.  and Yano, T. ",
   Title="{{M}an's place in {H}ominoidea as inferred from molecular clocks of {D}{N}{A}}",
   Journal="J. Mol. Evol.",
   Year="1987",
   Volume="26",
   Number="1-2",
   Pages="132--147"
}

@Article{Waddell1997,
   Author="Waddell, P. J.  and Steel, M. A. ",
   Title="{{G}eneral time-reversible distances with unequal rates across sites: mixing gamma and inverse {G}aussian distributions with invariant sites}",
   Journal="Mol. Phylogenet. Evol.",
   Year="1997",
   Volume="8",
   Number="3",
   Pages="398--414",
   Month="Dec"
}

@Article{Yang1993,
   Author="Yang, Z. ",
   Title="{{M}aximum-likelihood estimation of phylogeny from {D}{N}{A} sequences when substitution rates differ over sites}",
   Journal="Mol. Biol. Evol.",
   Year="1993",
   Volume="10",
   Number="6",
   Pages="1396--1401",
   Month="Nov"
}

@article{Ksiazek2003,
author = {Ksiazek, Thomas G. and Erdman, Dean and Goldsmith, Cynthia S. and Zaki, Sherif R. and Peret, Teresa and Emery, Shannon and Tong, Suxiang and Urbani, Carlo and Comer, James A. and Lim, Wilina and Rollin, Pierre E. and Dowell, Scott F. and Ling, Ai-Ee and Humphrey, Charles D. and Shieh, Wun-Ju and Guarner, Jeannette and Paddock, Christopher D. and Rota, Paul and Fields, Barry and DeRisi, Joseph and Yang, Jyh-Yuan and Cox, Nancy and Hughes, James M. and LeDuc, James W. and Bellini, William J. and Anderson, Larry J.},
title = {A Novel Coronavirus Associated with Severe Acute Respiratory Syndrome},
journal = {New England Journal of Medicine},
volume = {348},
number = {20},
pages = {1953-1966},
year = {2003},
doi = {10.1056/NEJMoa030781},
note ={PMID: 12690092},
URL = {http://www.nejm.org/doi/full/10.1056/NEJMoa030781},
eprint = {http://www.nejm.org/doi/pdf/10.1056/NEJMoa030781}
}

@Article{Lunn2009,
   Author="Lunn, D.  and Spiegelhalter, D.  and Thomas, A.  and Best, N. ",
   Title="{{T}he {B}{U}{G}{S} project: {E}volution, critique and future directions}",
   Journal="Stat Med",
   Year="2009",
   Volume="28",
   Number="25",
   Pages="3049--3067",
   Month="Nov"
}

@MISC{Plummer2003,
    author = {Martyn Plummer},
    title = {JAGS: A program for analysis of Bayesian graphical models using Gibbs sampling},
    year = {2003}
}

@Article{Ronquist2012,
   Author="Ronquist, F.  and Teslenko, M.  and van der Mark, P.  and Ayres, D. L.  and Darling, A.  and Hohna, S.  and Larget, B.  and Liu, L.  and Suchard, M. A.  and Huelsenbeck, J. P. ",
   Title="{{M}r{B}ayes 3.2: efficient {B}ayesian phylogenetic inference and model choice across a large model space}",
   Journal="Syst. Biol.",
   Year="2012",
   Volume="61",
   Number="3",
   Pages="539--542",
   Month="May"
}

@article{Ayres2012,
  Author = {Ayres, D.L. and Darling, A. and Zwickl, D.J. and Beerli, P. and Holder, M.T. and Lewis, P.O. and Huelsenbeck, J.P. and Ronquist, F. and Swofford, D.L. and Cummings, M.P. and others},
	Journal = {Systematic Biology},
	Number = {1},
	Pages = {170--173},
	Publisher = {Oxford University Press},
	Title = {{BEAGLE}: an application programming interface and high-performance computing library for statistical phylogenetics},
	Volume = {61},
	Year = {2012}
}

@article{Kuon2008,
 author = {Kuon, Ian and Tessier, Russell and Rose, Jonathan},
 title = {FPGA Architecture: Survey and Challenges},
 journal = {Found. Trends Electron. Des. Autom.},
 issue_date = {February 2008},
 volume = {2},
 number = {2},
 month = feb,
 year = {2008},
 issn = {1551-3939},
 pages = {135--253},
 numpages = {119},
 url = {http://dx.doi.org/10.1561/1000000005},
 doi = {10.1561/1000000005},
 acmid = {1454696},
 publisher = {Now Publishers Inc.},
 address = {Hanover, MA, USA},
} 

@article{Nickolls2008,
  Acmid = {1365500},
	Address = {New York, NY, USA},
	Author = {Nickolls, John and Buck, Ian and Garland, Michael and Skadron, Kevin},
	Doi = {10.1145/1365490.1365500},
	Issn = {1542-7730},
	Issue_Date = {March/April 2008},
	Journal = {Queue},
	Month = mar,
	Number = {2},
	Numpages = {14},
	Pages = {40--53},
	Publisher = {ACM},
	Title = {Scalable Parallel Programming with CUDA},
	Url = {http://doi.acm.org/10.1145/1365490.1365500},
	Volume = {6},
	Year = {2008},
	Bdsk-Url-1 = {http://doi.acm.org/10.1145/1365490.1365500},
	Bdsk-Url-2 = {http://dx.doi.org/10.1145/1365490.1365500}
	}

@Article{Bielejec2014a,
   Author="Bielejec, F.  and Lemey, P.  and Baele, G.  and Rambaut, A.  and Suchard, M. A. ",
   Title="{{I}nferring heterogeneous evolutionary processes through time: from sequence substitution to phylogeography}",
   Journal="Syst. Biol.",
   Year="2014",
   Volume="63",
   Number="4",
   Pages="493--504",
   Month="Jul"
}

@Article{Bielejec2014b,
    AUTHOR = {Bielejec, Filip and Lemey, Philippe and Carvalho, Luiz and Baele, Guy and Rambaut, Andrew and Suchard, Marc A.},
    TITLE = {piBUSS: a parallel BEAST/BEAGLE utility for sequence simulation under complex evolutionary scenarios},
    JOURNAL = {BMC Bioinformatics},
    VOLUME = {15},
    YEAR = {2014},
    NUMBER = {1},
    PAGES = {133}
}

@article{Foster12082009,
author = {Foster, Peter G. and Cox, Cymon J. and Embley, T. Martin}, 
title = {The primary divisions of life: a phylogenomic approach employing composition-heterogeneous methods},
volume = {364}, 
number = {1527}, 
pages = {2197-2207}, 
year = {2009}, 
doi = {10.1098/rstb.2009.0034}, 
eprint = {http://rstb.royalsocietypublishing.org/content/364/1527/2197.full.pdf+html}, 
journal = {Philosophical Transactions of the Royal Society B: Biological Sciences} 
}

@article{Huelsenbeck1999,
author={Huelsenbeck, John P. and Nielsen, Rasmus},
title={Variation in the Pattern of Nucleotide Substitution Across Sites},
volume={48},
number={1},
pages={86-93},
year={1999},
doi={10.1007/PL00006448},
issn={0022-2844},
journal={Journal of Molecular Evolution},
url={http://dx.doi.org/10.1007/PL00006448},
publisher={Springer-Verlag}
}

@article{Yang1996,
  Author = {Yang, Z},
	Journal = {Trends in Ecology and Evolution},
	Number = {9},
	Pages = {367--372},
	Title = {Among-site rate variation and its impact on phylogenetic analyses.},
	Volume = {11},
	Year = {1996}}

@article{Goldman1994,
	Author = {Goldman, N and Yang, Z},
	Date-Modified = {2012-12-05 20:44:23 +0000},
	Eprint = {http://mbe.oxfordjournals.org/content/11/5/725.full.pdf+html},
	Journal = {Molecular Biology and Evolution},
	Number = {5},
	Pages = {725-736},
	Title = {A codon-based model of nucleotide substitution for protein-coding {DNA} sequences.},
	Url = {http://mbe.oxfordjournals.org/content/11/5/725.abstract},
	Volume = {11},
	Year = {1994},
	Bdsk-Url-1 = {http://mbe.oxfordjournals.org/content/11/5/725.abstract}
}

@Article{Muse1994,
   Author = {Muse, S. V.  and Gaut, B. S.},
   Title = {A likelihood approach for comparing synonymous and nonsynonymous nucleotide substitution rates, with application to the chloroplast genome},
   Journal = {Molecular Biology and Evolution},
   Year = {1994},
   Volume = {11},
   Number = {5},
   Pages = {715--724},
   Month = {Sep}
}

@Article{SKT04,
   Author={Seo, T. K.  and Kishino, H.  and Thorne, J. L.},
   Title={{E}stimating absolute rates of synonymous and nonsynonymous nucleotide substitution in order to characterize natural selection and date species divergences},
   Journal={Molecular Biology and Evolution},
   Year={2004},
   Volume={21},
   Number={7},
   Pages={1201--1213},
   Month={Jul}
}

@Article{NY98,
   Author={Nielsen, R.  and Yang, Z.},
   Title={{L}ikelihood models for detecting positively selected amino acid sites and applications to the {H}{I}{V}-1 envelope gene},
   Journal={Genetics},
   Year={1998},
   Volume={148},
   Number={3},
   Pages={929--936},
   Month={Mar}
}

@article{Rodrigo2008,
   Author = {Rodrigo, A.  and Bertels, F.  and Heled, J.  and Noder, R.  and Shearman, H.  and Tsai, P.},
   Title = {{T}he perils of plenty: what are we going to do with all these genes?},
   Journal = {Philosophical Transactions of the Royal Society B: Biological Sciences},
   Year = {2008},
   Volume = {363},
   Number = {1512},
   Pages = {3893--3902},
   Month = {Dec}
}

@Article{Sumner2012,
   Author={Sumner, J. G.  and Fernandez-Sanchez, J.  and Jarvis, P. D.},
   Title={{L}ie {M}arkov models},
   Journal={J. Theor. Biol.},
   Year={2012},
   Volume={298},
   Pages={16--31},
   Month={Apr}
}

@Article{Drummond2005,
   Author={Drummond, A. J.  and Rambaut, A.  and Shapiro, B.  and Pybus, O. G. },
   Title={{{B}ayesian coalescent inference of past population dynamics from molecular sequences}},
   Journal={Molecular Biology and Evolution},
   Year={2005},
   Volume={22},
   Number={5},
   Pages={1185--1192},
   Month={May}
}

@Article{Faria2013,
   Author={Faria, N. R.  and Suchard, M. A.  and Rambaut, A.  and Streicker, D. G.  and Lemey, P.},
   Title={{S}imultaneously reconstructing viral cross-species transmission history and identifying the underlying constraints},
   Journal={Philos. Trans. R. Soc. Lond., B, Biol. Sci.},
   Year={2013},
   Volume={368},
   Number={1614},
   Pages={20120196},
   Month={Mar}
}

@Article{Mather2013,
   Author={Mather, A. E.  and Reid, S. W.  and Maskell, D. J.  and Parkhill, J.  and Fookes, M. C.  and Harris, S. R.  and Brown, D. J.  and Coia, J. E.  and Mulvey, M. R.  and Gilmour, M. W.  and Petrovska, L.  and de Pinna, E.  and Kuroda, M.  and Akiba, M.  and Izumiya, H.  and Connor, T. R.  and Suchard, M. A.  and Lemey, P.  and Mellor, D. J.  and Haydon, D. T.  and Thomson, N. R.},
   Title={{D}istinguishable epidemics of multidrug-resistant {S}almonella {T}yphimurium {D}{T}104 in different hosts},
   Journal={Science},
   Year={2013},
   Volume={341},
   Number={6153},
   Pages={1514--1517},
   Month={Sep}
}

@article{Rambaut2000,
author = {Rambaut, Andrew}, 
title = {Estimating the rate of molecular evolution: incorporating non-contemporaneous sequences into maximum likelihood phylogenies},
volume = {16}, 
number = {4}, 
pages = {395-399}, 
year = {2000}, 
doi = {10.1093/bioinformatics/16.4.395}, 
abstract ={Motivation: TipDate is a program that will use sequences that
  have been isolated at different dates to estimate their rate of
  molecular evolution. The program provides a maximum likelihood
  estimate of the rate and also the associated date of the most recent
  common ancestor of the sequences, under a model which assumes a
  constant rate of substitution (molecular clock) but which
  accommodates the dates of isolation. Confidence intervals for these
  parameters are also estimated.Results: The approach was applied to a sample of 17 dengue virus
  serotype 4 sequences, isolated at dates ranging from 1956 to 1994.
  The rate of substitution for this serotype was estimated to be 7.91
  Ã 10â4 substitutions per site per year (95% confidence
  intervals of 6.07 Ã 10â4, 9.86 Ã 10â4). This
  is compatible with a date of 1922 (95% confidence intervals of
  1900â1936) for the most recent common ancestor of these
  sequences.Availability: TipDate can be obtained by WWW from http://evolve.zoo.ox.ac.uk/software.
  The package includes the source code, manual and example files. Both
  UNIX and Apple Macintosh versions are available from the same
  site.Contact: andrew.rambaut@zoo.ox.ac.uk}, 
URL = {http://bioinformatics.oxfordjournals.org/content/16/4/395.abstract}, 
eprint = {http://bioinformatics.oxfordjournals.org/content/16/4/395.full.pdf+html}, 
journal = {Bioinformatics} 
}

@Article{Galtier1999,
   Author = {Galtier, N.  and Tourasse, N.  and Gouy, M. },
   Title = { {{A} nonhyperthermophilic common ancestor to extant life forms} },
   Journal = {Science},
   Year = {1999},
   Volume = {283},
   Number = {5399},
   Pages = {220--221},
   Month = {Jan}
}

@Article{Blanquart2006,
   Author = {Blanquart, S.  and Lartillot, N.},
   Title = {A Bayesian compound stochastic process for modeling nonstationary and nonhomogeneous sequence evolution},
   Journal = {Molecular Biology and Evolution},
   Year = {2006},
   Volume = {23},
   Number = {11},
   Pages = {2058--2071},
   Month = {Nov}
}

@article{Drummond2010,
  Author = {Drummond, Alexei and Suchard, Marc},
	Doi = {10.1186/1741-7007-8-114},
	Issn = {1741-7007},
	Journal = {BMC Biology},
	Number = {1},
	Pages = {114},
	Pubmedid = {20807414},
	Title = {Bayesian random local clocks, or one rate to rule them all},
	Url = {http://www.biomedcentral.com/1741-7007/8/114},
	Volume = {8},
	Year = {2010},
}

@article{Drummond2006,
  author = {A. J. Drummond and S. Y. W. Ho and M. J. Phillips and A. Rambaut},
  title = {Relaxed phylogenetics and dating with confidence.},
	year = {2006},
	journal = {PLoS Biol.},
	volume = {4},
	number = {5},
	pages = {e88}
}

@article{Metropolis1953,
  author = {Metropolis, Nicholas and Rosenbluth, Arianna W. and Rosenbluth, Marshall N. and Teller, Augusta H. and Teller, Edward},
  journal = {The Journal of Chemical Physics},
  number = {6},
  pages = {1087-1092},
  publisher = {AIP},
  title = {Equation of State Calculations by Fast Computing Machines},
  volume = {21},
  year = {1953}
}

@article{Suchard2005,
  title={Models for estimating {B}ayes factors with applications to phylogeny and tests of monophyly},
  author={Suchard, Marc A and Weiss, Robert E and Sinsheimer, Janet S},
  journal={Biometrics},
  volume={61},
  number={3},
  pages={665--673},
  year={2005},
  publisher={Blackwell Publishing}
}

@article{Suchard2010,
  title={Some of the what?, why?, how?, who? and where? of graphics processing unit computing for {B}ayesian analysis},
  author={Suchard, Marc A and Holmes, Chris and West, Mike},
  journal={Bulletin of the International Society for Bayesian Analysis},
  volume={17},
  pages={12--16},
  year={2010}
}

@Article{Thorne1998,
   Author = {Thorne, J. L.  and Kishino, H.  and Painter, I. S.},
   Title = {Estimating the rate of evolution of the rate of molecular evolution},
   Journal = {Molecular Biology and Evolution},
   Year = {1998},
   Volume = {15},
   Number = {12},
   Pages = {1647--1657},
   Month = {Dec}
}

@article{Moore1998,
author={Moore, G.E.},
journal={Proceedings of the IEEE},
title={Cramming More Components Onto Integrated Circuits},
year={1998},
volume={86},
number={1},
pages={82-85},
doi={10.1109/JPROC.1998.658762},
ISSN={0018-9219}
}

@article{Wilson1998,
author = {Wilson, Ian J. and Balding, David J.}, 
title = {Genealogical Inference From Microsatellite Data},
volume = {150}, 
number = {1}, 
pages = {499-510}, 
year = {1998}, 
URL = {http://www.genetics.org/content/150/1/499.abstract}, 
eprint = {http://www.genetics.org/content/150/1/499.full.pdf+html}, 
journal = {Genetics} 
}

@article{Fargette2008,
author = {Fargette, D. and Pinel, A. and Rakotomalala, M. and Sangu, E. and TraorÃ©, O. and SÃ©rÃ©mÃ©, D. and Sorho, F. and Issaka, S. and HÃ©brard, E. and SÃ©rÃ©, Y. and Kanyeka, Z. and KonatÃ©, G.}, 
title = {Rice Yellow Mottle Virus, an RNA Plant Virus, Evolves as Rapidly as Most RNA Animal Viruses},
volume = {82}, 
number = {7}, 
pages = {3584-3589}, 
year = {2008}, 
doi = {10.1128/JVI.02506-07}, 
URL = {http://jvi.asm.org/content/82/7/3584.abstract}, 
eprint = {http://jvi.asm.org/content/82/7/3584.full.pdf+html}, 
journal = {Journal of Virology} 
}

@article{Ewing2004,
author = {Ewing, Greg and Nicholls, Geoff and Rodrigo, Allen}, 
title = {Using Temporally Spaced Sequences to Simultaneously Estimate Migration Rates, Mutation Rate and Population Sizes in Measurably Evolving Populations},
volume = {168}, 
number = {4}, 
pages = {2407-2420}, 
year = {2004}, 
doi = {10.1534/genetics.104.030411}, 
URL = {http://www.genetics.org/content/168/4/2407.abstract}, 
eprint = {http://www.genetics.org/content/168/4/2407.full.pdf+html}, 
journal = {Genetics} 
}

@article{Li2000,
  title={Phylogenetic tree construction using Markov chain Monte Carlo},
  author={Li, Shuying and Pearl, Dennis K and Doss, Hani},
  journal={Journal of the American Statistical Association},
  volume={95},
  number={450},
  pages={493--508},
  year={2000},
  publisher={Taylor \& Francis Group}
}

@Article{Minin2008a,
   Author="Minin, V. N.  and Suchard, M. A. ",
   Title="{{F}ast, accurate and simulation-free stochastic mapping}",
   Journal="Philosophical Transactions of the Royal Society B: Biological Sciences",
   Year="2008",
   Volume="363",
   Number="1512",
   Pages="3985--3995",
   Month="Dec"
}

@book{Feller1,
  author = {Feller, William},
  title = {An Introduction to Probability Theory and Its Applications},
  volume = 1,
  year = 1968,
  isbn = {0471257087},
  publisher = {Wiley}
}


@book{Gilks1996,
  author = {Gilks, W.R. and Spiegelhalter, DJ},
  title = {Markov chain Monte Carlo in practice},
  year = 1996,
  publisher = {Chapman \& Hall/CRC}
}

@book{Lange1999,
  author = {Lange, {Kenneth}},
  title = {Numerical analysis for statisticians},
  year = {1999},
  isbn = {0387949798},
  publisher = {Springer}
}

@book{Knuth1997,
 author = {Knuth, Donald E.},
 title = {The art of computer programming, volume 2 (3rd ed.): seminumerical algorithms},
 year = {1997},
 isbn = {0-201-89684-2},
 publisher = {Addison-Wesley Longman Publishing Co., Inc.},
 address = {Boston, MA, USA},
} 

@Article{Yang1994,
   Author="Yang, Z. ",
   Title="{{M}aximum likelihood phylogenetic estimation from {D}{N}{A} sequences with variable rates over sites: approximate methods}",
   Journal="J. Mol. Evol.",
   Year="1994",
   Volume="39",
   Number="3",
   Pages="306--314",
   Month="Sep"
}


@article{Yoder2000,
author = {Yoder, Anne D. and Yang, Ziheng}, 
title = {Estimation of Primate Speciation Dates Using Local Molecular Clocks},
volume = {17}, 
number = {7}, 
pages = {1081-1090}, 
year = {2000}, 
URL = {http://mbe.oxfordjournals.org/content/17/7/1081.abstract}, 
eprint = {http://mbe.oxfordjournals.org/content/17/7/1081.full.pdf+html}, 
journal = {Molecular Biology and Evolution} 
}


@Article{Jenkins2002,
   Author="Jenkins, G. M.  and Rambaut, A.  and Pybus, O. G.  and Holmes, E. C. ",
   Title="{{R}ates of molecular evolution in {R}{N}{A} viruses: a quantitative phylogenetic analysis}",
   Journal="J. Mol. Evol.",
   Year="2002",
   Volume="54",
   Number="2",
   Pages="156--165",
   Month="Feb"
}

@article{TN93,
  author = "K. Tamura and M. Nei",
	title = "Estimation of the number of nucleotide substitutions in the control region of mitochondrial {DNA} in humans and chimpanzees.",
	year = "1993",
	journal = "Mol. Biol. Evol.",
	volume = "10",
	number = "3",
	pages = "512--526"
}

@article{Yang1995,
author = {Yang, Z and Roberts, D}, 
title = {On the use of nucleic acid sequences to infer early branchings in the tree of life.},
volume = {12}, 
number = {3}, 
pages = {451-458}, 
year = {1995}, 
journal = {Molecular Biology and Evolution} 
}


@article{Gowri-Shankar2007,
author = {Gowri-Shankar, Vivek and Rattray, Magnus}, 
title = {A Reversible Jump Method for Bayesian Phylogenetic Inference with a Nonhomogeneous Substitution Model},
volume = {24}, 
number = {6}, 
pages = {1286-1299}, 
year = {2007}, 
doi = {10.1093/molbev/msm046}, 
URL = {http://mbe.oxfordjournals.org/content/24/6/1286.abstract}, 
eprint = {http://mbe.oxfordjournals.org/content/24/6/1286.full.pdf+html}, 
journal = {Molecular Biology and Evolution} 
}

@Article{Nielsen1997,
   Author="Nielsen, R. ",
   Title="{{S}ite-by-site estimation of the rate of substitution and the correlation of rates in mitochondrial {D}{N}{A}}",
   Journal="Syst. Biol.",
   Year="1997",
   Volume="46",
   Number="2",
   Pages="346--353",
   Month="Jun"
}

@Article{Goode2008,
   Author={Goode, M.  and Guindon, S.  and Rodrigo, A. },
   Title={Modelling the evolution of protein coding sequences sampled from Measurably Evolving Populations},
   Journal={Genome Informatics},
   Year={2008},
   Volume={21},
   Pages={150--164}
}

@article{Blanquart2008,
author = {Blanquart, Samuel and Lartillot, Nicolas}, 
title = {A Site- and Time-Heterogeneous Model of Amino Acid Replacement},
volume = {25}, 
number = {5}, 
pages = {842-858}, 
year = {2008}, 
doi = {10.1093/molbev/msn018}, 
URL = {http://mbe.oxfordjournals.org/content/25/5/842.abstract}, 
eprint = {http://mbe.oxfordjournals.org/content/25/5/842.full.pdf+html}, 
journal = {Molecular Biology and Evolution} 
}

@article{Foster2009,
author = {Foster, Peter G. and Cox, Cymon J. and Embley, T. Martin}, 
title = {The primary divisions of life: a phylogenomic approach employing composition-heterogeneous methods},
volume = {364}, 
number = {1527}, 
pages = {2197-2207}, 
year = {2009}, 
doi = {10.1098/rstb.2009.0034}, 
URL = {http://rstb.royalsocietypublishing.org/content/364/1527/2197.abstract}, 
eprint = {http://rstb.royalsocietypublishing.org/content/364/1527/2197.full.pdf+html}, 
journal = {Philosophical Transactions of the Royal Society B: Biological Sciences} 
}

@article{Suchard2001,
	Author = {M.A. Suchard and R.E. Weiss and J.S. Sinsheimer},
	Date-Added = {2008-06-01 16:38:14 -0700},
	Date-Modified = {2008-06-01 16:38:14 -0700},
	Journal = {Molecular Biology and Evolution},
	Pages = {1001--1013},
	Title = {Bayesian selection of continuous-time {M}arkov chain evolutionary models},
	Volume = {18},
	Year = {2001}}
	
@article{dickey70,
	Author = {J.M. Dickey and B.P. Lientz},
	Date-Added = {2008-06-01 16:38:14 -0700},
	Date-Modified = {2008-06-01 16:38:17 -0700},
	Journal = {The Annals of Mathematical Statistics},
	Pages = {214--226},
	Title = {The weighted likelihood ratio, sharp hypotheses about chances, the order of a {M}arkov chain},
	Volume = {41},
	Year = {1970}}	

@article{Foster2004,
author = {Foster, Peter G.}, 
title = {Modeling Compositional Heterogeneity},
volume = {53}, 
number = {3}, 
pages = {485-495}, 
year = {2004}, 
doi = {10.1080/10635150490445779}, 
URL = {http://sysbio.oxfordjournals.org/content/53/3/485.abstract}, 
eprint = {http://sysbio.oxfordjournals.org/content/53/3/485.full.pdf+html}, 
journal = {Systematic Biology} 
}


@article{Boussau2006,
author = {Boussau, Bastien and Gouy, Manolo}, 
title = {Efficient Likelihood Computations with Nonreversible Models of Evolution},
volume = {55}, 
number = {5}, 
pages = {756-768}, 
year = {2006}, 
doi = {10.1080/10635150600975218}, 
URL = {http://sysbio.oxfordjournals.org/content/55/5/756.abstract}, 
eprint = {http://sysbio.oxfordjournals.org/content/55/5/756.full.pdf+html}, 
journal = {Systematic Biology} 
}


@article{Galtier1995,
author = {Galtier, N and Gouy, M}, 
title = {Inferring phylogenies from {DNA} sequences of unequal base compositions},
volume = {92}, 
number = {24}, 
pages = {11317-11321}, 
year = {1995}, 
URL = {http://www.pnas.org/content/92/24/11317.abstract}, 
eprint = {http://www.pnas.org/content/92/24/11317.full.pdf+html}, 
journal = {Proceedings of the National Academy of Sciences} 
}

@article{Galtier1998,
author = {Galtier, N and Gouy, M}, 
title = {Inferring pattern and process: maximum-likelihood implementation of a nonhomogeneous model of {DNA} sequence evolution for phylogenetic analysis.},
volume = {15}, 
number = {7}, 
pages = {871-879}, 
year = {1998}, 
URL = {http://mbe.oxfordjournals.org/content/15/7/871.abstract}, 
eprint = {http://mbe.oxfordjournals.org/content/15/7/871.full.pdf+html}, 
journal = {Molecular Biology and Evolution} 
}

@article{Suchard03,
author = {Suchard, Marc A. and Kitchen, Christina M. R. and Sinsheimer, Janet S. and Weiss, Robert E.}, 
title = {Hierarchical Phylogenetic Models for Analyzing Multipartite Sequence Data},
volume = {52}, 
number = {5}, 
pages = {649-664}, 
year = {2003}, 
doi = {10.1080/10635150390238879}, 
URL = {http://sysbio.oxfordjournals.org/content/52/5/649.abstract}, 
eprint = {http://sysbio.oxfordjournals.org/content/52/5/649.full.pdf+html}, 
journal = {Systematic Biology} 
}

@book{Bellman2003,
 author = {Bellman, Richard Ernest},
 title = {Dynamic Programming},
 year = {2003},
 isbn = {0486428095},
 publisher = {Dover Publications, Incorporated},
} 

@article{KassRaftery95,
     jstor_articletype = {research-article},
     title = {Bayes Factors},
     author = {Kass, Robert E. and Raftery, Adrian E.},
     journal = {Journal of the American Statistical Association},
     volume = {90},
     number = {430},
     pages = {pp. 773-795},
     url = {http://www.jstor.org/stable/2291091},
     ISSN = {01621459},
     year = {1995},
     publisher = {American Statistical Association},
    }

@article{Cybis2013,
	Author = {Cybis, Gabriela B and Sinsheimer, Janet S and Lemey, Philippe and Suchard, Marc A},
	Date-Added = {2013-02-14 09:57:34 +0000},
	Date-Modified = {2013-02-14 09:57:59 +0000},
	Doi = {10.1098/rstb.2012.0206},
	Journal = {Philosophical Transactions of the Royal Society of London. Series B, Biological sciences},
	Number = {1614},
	Pages = {20120206},
	Pmid = {23382428},
	Pst = {epublish},
	Title = {Graph hierarchies for phylogeography},
	Volume = {368},
	Year = {2013},
	Bdsk-Url-1 = {http://dx.doi.org/10.1098/rstb.2012.0206}}

@article{Faria13,
author = {Faria, Nuno Rodrigues and Suchard, Marc A. and Rambaut, Andrew and Streicker, Daniel G. and Lemey, Philippe}, 
title = {Simultaneously reconstructing viral cross-species transmission history and identifying the underlying constraints},
volume = {368}, 
number = {1614}, 
Pages = {20120196},
year = {2013}, 
doi = {10.1098/rstb.2012.0196}, 
URL = {http://rstb.royalsocietypublishing.org/content/368/1614/20120196.abstract}, 
eprint = {http://rstb.royalsocietypublishing.org/content/368/1614/20120196.full.pdf+html}, 
journal = {Philosophical Transactions of the Royal Society B: Biological Sciences} 
}


@article{huelsenbeck2011biologically,
	Author = {Huelsenbeck, J.P. and Alfaro, M.E. and Suchard, M.A.},
	Journal = {Systematic Biology},
	Number = {2},
	Pages = {225--232},
	Publisher = {Oxford University Press},
	Title = {Biologically inspired phylogenetic models strongly outperform the no common mechanism model},
	Volume = {60},
	Year = {2011}}

@article{Lee2008,
	Author = {Lee, Ha Youn and Perelson, Alan S and Park, Su-Chan and Leitner, Thomas},
	Date-Added = {2012-12-10 14:04:43 +0000},
	Date-Modified = {2012-12-10 14:04:55 +0000},
	Doi = {10.1371/journal.pcbi.1000240},
	Journal = {PLoS Computational Biology},
	Mesh = {Biological Evolution; Computer Simulation; HIV Infections; HIV-1; Humans; Models, Genetic; Mutation; Species Specificity; Statistics as Topic},
	Month = {Dec},
	Number = {12},
	Pages = {e1000240},
	Pmc = {PMC2602878},
	Pmid = {19079613},
	Pst = {ppublish},
	Title = {Dynamic correlation between intrahost {HIV}-1 quasispecies evolution and disease progression},
	Volume = {4},
	Year = {2008},
	Bdsk-Url-1 = {http://dx.doi.org/10.1371/journal.pcbi.1000240}}

@article{Chipman2001,
    author = {Hugh Chipman and Edward I. George and Robert E. McCulloch},
    title = {The practical implementation of Bayesian model selection},
    journal = {Institute of Mathematical Statistics Lecture Notes - Monograph Series},
    year = {2001},
    number={38},
    pages = {67--134}
}

@Article{Bloomquist2010,
   Author="Bloomquist, E. W.  and Lemey, P.  and Suchard, M. A. ",
   Title="{{T}hree roads diverged? {R}outes to phylogeographic inference}",
   Journal="Trends Ecol. Evol. (Amst.)",
   Year="2010",
   Volume="25",
   Number="11",
   Pages="626--632",
   Month="Nov"
}

@Article{Minin2008b,
   Author={Minin, V. N.  and Bloomquist, E. W.  and Suchard, M. A.},
   Title={{S}mooth skyride through a rough skyline: {B}ayesian coalescent-based inference of population dynamics},
   Journal={Mol. Biol. Evol.},
   Year={2008},
   Volume={25},
   Number={7},
   Pages={1459--1471},
   Month={Jul}
}

@Article{Gill2013,
   Author={Gill, M. S.  and Lemey, P.  and Faria, N. R.  and Rambaut, A.  and Shapiro, B.  and Suchard, M. A.},
   Title={{I}mproving {B}ayesian population dynamics inference: a coalescent-based model for multiple loci},
   Journal={Mol. Biol. Evol.},
   Year={2013},
   Volume={30},
   Number={3},
   Pages={713--724},
   Month={Mar}
}

@article{Edo-Matas2011,
	Author = {Edo-Matas, Diana and Lemey, Philippe and Tom, Jennifer A and Serna-Bolea, C{\`e}lia and van den Blink, Agnes E and van 't Wout, Ang{\'e}lique B and Schuitemaker, Hanneke and Suchard, Marc A},
	Date-Added = {2012-12-10 14:03:54 +0000},
	Date-Modified = {2012-12-10 14:04:04 +0000},
	Doi = {10.1093/molbev/msq326},
	Journal = {Molecular Biology and Evolution},
	Mesh = {Acquired Immunodeficiency Syndrome; Bayes Theorem; CD4 Lymphocyte Count; Disease Progression; Evolution, Molecular; Gene Deletion; Genotype; HIV Envelope Protein gp120; HIV Infections; HIV-1; Heterozygote; Host-Pathogen Interactions; Humans; Male; Models, Genetic; Phylogeny; Polymorphism, Genetic; Receptors, CCR5; Sequence Alignment; Sequence Analysis, DNA},
	Month = {May},
	Number = {5},
	Pages = {1605-16},
	Pmc = {PMC3080134},
	Pmid = {21135151},
	Pst = {ppublish},
	Title = {Impact of {CCR5delta32} host genetic background and disease progression on {HIV}-1 intrahost evolutionary processes: efficient hypothesis testing through hierarchical phylogenetic models},
	Volume = {28},
	Year = {2011},
	Bdsk-Url-1 = {http://dx.doi.org/10.1093/molbev/msq326}
}

@article{williamson2005,
	Author = {Williamson, Scott and Perry, Steven M and Bustamante, Carlos D and Orive, Maria E and Stearns, Miles N and Kelly, John K},
	Date-Added = {2012-12-06 16:11:46 +0000},
	Date-Modified = {2012-12-06 16:11:59 +0000},
	Doi = {10.1093/molbev/msi029},
	Journal = {Molecular Biology and Evolution},
	Mesh = {Acquired Immunodeficiency Syndrome; Evolution, Molecular; Genome, Viral; HIV; Humans; Models, Genetic},
	Month = {Mar},
	Number = {3},
	Pages = {456-68},
	Pmid = {15509726},
	Pst = {ppublish},
	Title = {A statistical characterization of consistent patterns of human immunodeficiency virus evolution within infected patients},
	Volume = {22},
	Year = {2005},
	Bdsk-Url-1 = {http://dx.doi.org/10.1093/molbev/msi029}
}

@article{Williamson2003,
	Author = {Williamson, Scott},
	Date-Added = {2012-12-06 16:08:43 +0000},
	Date-Modified = {2012-12-06 16:08:54 +0000},
	Doi = {10.1093/molbev/msg144},
	Journal = {Molecular Biology and Evolution},
	Mesh = {Adult; Child; Disease Progression; Evolution, Molecular; Genes, env; Genetic Variation; HIV Envelope Protein gp120; HIV Infections; HIV-1; Humans; Phylogeny; Polymorphism, Single-Stranded Conformational},
	Month = {Aug},
	Number = {8},
	Pages = {1318-25},
	Pmid = {12777505},
	Pst = {ppublish},
	Title = {Adaptation in the env gene of {HIV}-1 and evolutionary theories of disease progression},
	Volume = {20},
	Year = {2003},
	Bdsk-Url-1 = {http://dx.doi.org/10.1093/molbev/msg144}
}

@article{Paland2006,
author = {Paland, Susanne and Lynch, Michael}, 
title = {Transitions to Asexuality Result in Excess Amino Acid Substitutions},
volume = {311}, 
number = {5763}, 
pages = {990-992}, 
year = {2006}, 
doi = {10.1126/science.1118152}, 
URL = {http://www.sciencemag.org/content/311/5763/990.abstract}, 
eprint = {http://www.sciencemag.org/content/311/5763/990.full.pdf}, 
journal = {Science} 
}

@article{Yang1998,
	Author = {Yang, Z},
	Date-Added = {2012-12-05 20:51:53 +0000},
	Date-Modified = {2012-12-05 20:52:02 +0000},
	Journal = {Molecular Biology and Evolution},
	Mesh = {Animals; Evolution, Molecular; Genetic Variation; Likelihood Functions; Models, Biological; Muramidase; Primates; Selection, Genetic},
	Month = {May},
	Number = {5},
	Pages = {568-73},
	Pmid = {9580986},
	Pst = {ppublish},
	Title = {Likelihood ratio tests for detecting positive selection and application to primate lysozyme evolution},
	Volume = {15},
	Year = {1998}}

@Article{Pond2005a,
   Author="Pond, S. L.  and Frost, S. D. ",
   Title="{{A} simple hierarchical approach to modeling distributions of substitution rates}",
   Journal="Mol. Biol. Evol.",
   Year="2005",
   Volume="22",
   Number="2",
   Pages="223--234",
   Month="Feb"
}

@article{Pond2005b,
	Author = {Pond, Sergei L Kosakovsky and Frost, Simon D W},
	Date-Added = {2012-12-05 20:48:08 +0000},
	Date-Modified = {2012-12-05 20:48:26 +0000},
	Doi = {10.1093/molbev/msi031},
	Journal = {Molecular Biology and Evolution},
	Mesh = {Algorithms; Amino Acid Substitution; Animals; Evolution, Molecular; Genetic Variation; Humans; Models, Genetic; Primates; Selection, Genetic},
	Month = {Mar},
	Number = {3},
	Pages = {478-85},
	Pmid = {15509724},
	Pst = {ppublish},
	Title = {A genetic algorithm approach to detecting lineage-specific variation in selection pressure},
	Volume = {22},
	Year = {2005},
	Bdsk-Url-1 = {http://dx.doi.org/10.1093/molbev/msi031}}

@manual{R,
	Address = {Vienna, Austria},
	Author = {{R Core Team}},
	Note = {{ISBN} 3-900051-07-0},
	Organization = {R Foundation for Statistical Computing},
	Title = {R: A Language and Environment for Statistical Computing},
	Url = {http://www.R-project.org},
	Year = 2012,
	Bdsk-Url-1 = {http://www.R-project.org}}

@article{Hadley2010,
	Author = {Wickham, Hadley},
	Doi = {10.1198/jcgs.2009.07098},
	Eprint = {http://www.tandfonline.com/doi/pdf/10.1198/jcgs.2009.07098},
	Journal = {Journal of Computational and Graphical Statistics},
	Number = {1},
	Pages = {3-28},
	Title = {A Layered Grammar of Graphics},
	Url = {http://www.tandfonline.com/doi/abs/10.1198/jcgs.2009.07098},
	Volume = {19},
	Year = {2010},
	Bdsk-Url-1 = {http://www.tandfonline.com/doi/abs/10.1198/jcgs.2009.07098},
	Bdsk-Url-2 = {http://dx.doi.org/10.1198/jcgs.2009.07098}}

@article{Bielejec2011,
author = {Bielejec, Filip and Rambaut, Andrew and Suchard, Marc A. and Lemey, Philippe}, 
title = {SPREAD: spatial phylogenetic reconstruction of evolutionary dynamics},
volume = {27}, 
number = {20}, 
pages = {2910-2912}, 
year = {2011}, 
doi = {10.1093/bioinformatics/btr481}, 
URL = {http://bioinformatics.oxfordjournals.org/content/27/20/2910.abstract}, 
eprint = {http://bioinformatics.oxfordjournals.org/content/27/20/2910.full.pdf+html}, 
journal = {Bioinformatics} 
}

@Article{Lemey2009,
   Author="Lemey, P.  and Rambaut, A.  and Drummond, A. J.  and Suchard, M. A. ",
   Title="{{B}ayesian phylogeography finds its roots}",
   Journal="PLoS Comput. Biol.",
   Year="2009",
   Volume="5",
   Number="9",
   Pages="e1000520",
   Month="Sep"
}

@Article{Drummond2007,
   Author="Drummond, A. J.  and Rambaut, A. ",
   Title="{{B}{E}{A}{S}{T}: {B}ayesian evolutionary analysis by sampling trees}",
   Journal="BMC Evol. Biol.",
   Year="2007",
   Volume="7",
   Pages="214"
}

@article{Drummond2012,
	Author = {Drummond, Alexei J. and Suchard, Marc A. and Xie, Dong and Rambaut, Andrew},
	Doi = {10.1093/molbev/mss075},
	Eprint = {http://mbe.oxfordjournals.org/content/early/2012/02/25/molbev.mss075.full.pdf+html},
	Journal = {Molecular Biology and Evolution},
	Title = {Bayesian phylogenetics with {BEAUti} and the {BEAST} 1.7},
	Year = {2012},
}

@article{Suchard2003a,
	Author = {Suchard, M.A. and Weiss, R.E. and Dorman, K.S. and Sinsheimer, J.S.},
	Journal = {Journal of the American Statistical Association},
	Number = {462},
	Pages = {427--437},
	Publisher = {Taylor \& Francis},
	Title = {Inferring spatial phylogenetic variation along nucleotide sequences},
	Volume = {98},
	Year = {2003}
}

@article{Suchard2003b,
  title={Hierarchical phylogenetic models for analyzing multipartite sequence data},
  author={Suchard, Marc A and Kitchen, Christina MR and Sinsheimer, Janet S and Weiss, Robert E},
  journal={Systematic Biology},
  volume={52},
  number={5},
  pages={649--664},
  year={2003},
  publisher={Oxford University Press}
}

@article{Suchard2009,
	Author = {Suchard, Marc A. and Rambaut, Andrew},
	Doi = {10.1093/bioinformatics/btp244},
	Eprint = {http://bioinformatics.oxfordjournals.org/content/25/11/1370.full.pdf+html},
	Journal = {Bioinformatics},
	Number = {11},
	Pages = {1370-1376},
	Title = {Many-core algorithms for statistical phylogenetics},
	Url = {http://bioinformatics.oxfordjournals.org/content/25/11/1370.abstract},
	Volume = {25},
	Year = {2009},
	Bdsk-Url-1 = {http://bioinformatics.oxfordjournals.org/content/25/11/1370.abstract},
	Bdsk-Url-2 = {http://dx.doi.org/10.1093/bioinformatics/btp244}
}

@article{Baele2012,
	Author = {Baele, Guy and Lemey, Philippe and Bedford, Trevor and Rambaut, Andrew and Suchard, Marc A. and Alekseyenko, Alexander V.},
	Doi = {10.1093/molbev/mss084},
	Eprint = {http://mbe.oxfordjournals.org/content/early/2012/03/07/molbev.mss084.full.pdf+html},
	Journal = {Molecular Biology and Evolution},
	Number = {9},
	Pages = {2157-2167},
	Title = {Improving the accuracy of demographic and molecular clock model comparison while accommodating phylogenetic uncertainty},
	Url = {http://mbe.oxfordjournals.org/content/early/2012/03/07/molbev.mss084.abstract},
	Volume = {29},
	Year = {2012},
	Bdsk-Url-1 = {http://mbe.oxfordjournals.org/content/early/2012/03/07/molbev.mss084.abstract},
	Bdsk-Url-2 = {http://dx.doi.org/10.1093/molbev/mss084}}

@article{Baele2013,
	Author = {Baele, Guy and Lemey, Philippe},
	Doi = {10.1093/bioinformatics/btt340},
	Eprint = {http://bioinformatics.oxfordjournals.org/content/29/16/1970.full.pdf+html},
	Journal = {Bioinformatics},
	Title = {Bayesian evolutionary model testing in the phylogenomics era: matching model complexity with computational efficiency},
	Url = {http://bioinformatics.oxfordjournals.org/content/29/16/1970},
	volume = {29},
	number = {16},
	pages = {1970-1979},
	year = {2013}
}

@Article{Lemey2007,
   Author="Lemey, P.  and Kosakovsky Pond, S. L.  and Drummond, A. J.  and Pybus, O. G.  and Shapiro, B.  and Barroso, H.  and Taveira, N.  and Rambaut, A. ",
   Title="{{S}ynonymous substitution rates predict {H}{I}{V} disease progression as a result of underlying replication dynamics}",
   Journal="PLoS Comput. Biol.",
   Year="2007",
   Volume="3",
   Number="2",
   Pages="e29",
   Month="Feb"
}

@Article{Shankarappa1999,
   Author="Shankarappa, R.  and Margolick, J. B.  and Gange, S. J.  and Rodrigo, A. G.  and Upchurch, D.  and Farzadegan, H.  and Gupta, P.  and Rinaldo, C. R.  and Learn, G. H.  and He, X.  and Huang, X. L.  and Mullins, J. I. ",
   Title="{{C}onsistent viral evolutionary changes associated with the progression of human immunodeficiency virus type 1 infection}",
   Journal="J. Virol.",
   Year="1999",
   Volume="73",
   Number="12",
   Pages="10489--10502",
   Month="Dec"
}

@article{hky85,
	Author = {Hasegawa, Masami and Kishino, Hirohisa and Yano, Taka-aki},
	Doi = {10.1007/BF02101694},
	Issn = {0022-2844},
	Issue = {2},
	Journal = {Journal of Molecular Evolution},
	Keywords = {Evolution of hominoids; Phylogenetic position ofAustralopithecus afarensis; Interspecies transfer of mitochondrial DNA},
	Pages = {160-174},
	Publisher = {Springer-Verlag},
	Title = {Dating of the human-ape splitting by a molecular clock of mitochondrial {DNA}},
	Url = {http://dx.doi.org/10.1007/BF02101694},
	Volume = {22},
	Year = {1985},
	Bdsk-Url-1 = {http://dx.doi.org/10.1007/BF02101694}
}

@article{Yang2002,
	Author = {Yang, Ziheng and Nielsen, Rasmus},
	Eprint = {http://mbe.oxfordjournals.org/content/19/6/908.full.pdf+html},
	Journal = {Molecular Biology and Evolution},
	Number = {6},
	Pages = {908-917},
	Title = {Codon-Substitution Models for Detecting Molecular Adaptation at Individual Sites Along Specific Lineages},
	Url = {http://mbe.oxfordjournals.org/content/19/6/908.abstract},
	Volume = {19},
	Year = {2002},
	Bdsk-Url-1 = {http://mbe.oxfordjournals.org/content/19/6/908.abstract}}

@article{Romiguier2012,
	Author = {Romiguier, , Jonathan AND Figuet, , Emeric AND Galtier, , Nicolas AND Douzery, , Emmanuel J. P. AND Boussau, , Bastien AND Dutheil, , Julien Y. AND Ranwez, , Vincent},
	Doi = {10.1371/journal.pone.0033852},
	Journal = {PLoS ONE},
	Month = {03},
	Number = {3},
	Pages = {e33852},
	Publisher = {Public Library of Science},
	Title = {Fast and Robust Characterization of Time-Heterogeneous Sequence Evolutionary Processes Using Substitution Mapping},
	Url = {http://dx.doi.org/10.1371%2Fjournal.pone.0033852},
	Volume = {7},
	Year = {2012},
	Bdsk-Url-1 = {http://dx.doi.org/10.1371%2Fjournal.pone.0033852},
	Bdsk-Url-2 = {http://dx.doi.org/10.1371/journal.pone.0033852}
}

@article{Drummond2003,
	Author = {Drummond, Alexei J. AND Pybus, Oliver G. AND Rambaut, Andrew AND Forsberg, Roald AND Rodrigo, Allen G.},
	Doi = {10.1016/S0169-5347(03)00216-7},
	Journal = {Trends in ecology \& evolution (Personal edition)},
	Month = {09},
	Number = {3},
	Pages = {481-488},
	Publisher = {Elsevier Science Publishers},
	Title = {Measurably evolving populations},
	Url = {http://linkinghub.elsevier.com/retrieve/pii/S0169534703002167},
	Volume = {9},
	Year = {2003},
	Bdsk-Url-1 = {http://linkinghub.elsevier.com/retrieve/pii/S0169534703002167},
	Bdsk-Url-2 = {http://dx.doi.org/10.1016/S0169-5347(03)00216-7}}

@article{Bahl2011,
author = {Bahl, Justin and Nelson, Martha I. and Chan, Kwok H. and Chen, Rubing and Vijaykrishna, Dhanasekaran and Halpin, Rebecca A. and Stockwell, Timothy B. and Lin, Xudong and Wentworth, David E. and Ghedin, Elodie and Guan, Yi and Peiris, J. S. Malik and Riley, Steven and Rambaut, Andrew and Holmes, Edward C. and Smith, Gavin J. D.}, 
title = {Temporally structured metapopulation dynamics and persistence of influenza A H3N2 virus in humans},
volume = {108}, 
number = {48}, 
pages = {19359-19364}, 
year = {2011}, 
doi = {10.1073/pnas.1109314108}, 
URL = {http://www.pnas.org/content/108/48/19359.abstract}, 
eprint = {http://www.pnas.org/content/108/48/19359.full.pdf+html}, 
journal = {Proceedings of the National Academy of Sciences} 
}

@article{Felsenstein1981,
    Author = {Felsenstein, Joseph},
    Title = {Evolutionary trees from {DNA} sequences: A maximum likelihood approach},
    journal = {Journal of Molecular Evolution},
    Keyword = {Biomedical and Life Sciences},
    volume = {17},
    Issue = {6},
    year = {1981},
    pages = {368--376},
    Issn = {0022-2844},
    Url = {http://dx.doi.org/10.1007/BF01734359}
}

@article{Moler1978,
	Author = {Cleve Moler and Charles Van Loan},
	Journal = {SIAM Review},
	Pages = {801--836},
	Title = {Nineteen Dubious Ways to Compute the Exponential of a Matrix},
	Volume = {20},
	Year = {1978}}

@book{CUDAGuide2.0,
	Author = {{NVIDIA}},
	Citeulike-Article-Id = {3325943},
	Keywords = {cuda},
	Posted-At = {2008-09-23 23:31:17},
	Priority = {0},
	Publisher = {NVIDIA},
	Title = {{NVIDIA CUDA Programming Guide 2.0}},
	Year = {2008}
}

@article{Rambaut2008,
	Author = {Rambaut, Andrew AND Pybus, Oliver G., Nelson AND Martha I., Viboud AND Cecile, Taubenberger AND Jeffery K. AND Holmes, Edward C.},
	Issn = {0028-0836},
	Issue = {7195},
	Journal = {Nature},
	Pages = {615-619},
	Publisher = {Nature Publishing Group},
	Title = {The genomic and epidemiological dynamics of human influenza A virus},
	Url = {http://dx.doi.org/10.1038/nature06945},
	Volume = {453},
	Year = {2008},
	Bdsk-Url-1 = {http://dx.doi.org/10.1038/nature06945}
}

@article{Pybus22062001,
	Author = {Pybus, Oliver G. and Charleston, Michael A. and Gupta, Sunetra and Rambaut, Andrew and Holmes, Edward C. and Harvey, Paul H.},
	Doi = {10.1126/science.1058321},
	Eprint = {http://www.sciencemag.org/content/292/5525/2323.full.pdf},
	Journal = {Science},
	Number = {5525},
	Pages = {2323-2325},
	Title = {The Epidemic Behavior of the Hepatitis C Virus},
	Url = {http://www.sciencemag.org/content/292/5525/2323.abstract},
	Volume = {292},
	Year = {2001},
	Bdsk-Url-1 = {http://www.sciencemag.org/content/292/5525/2323.abstract},
	Bdsk-Url-2 = {http://dx.doi.org/10.1126/science.1058321}}

@article{Faria2012,
	Author = {Faria, {Nuno Rodrigues} and Suchard, {Marc A} and Andrew Rambaut and Philippe Lemey},
	Journal = {Current opinion in virology},
	Number = {5},
	Pages = {423--9},
	Title = {Toward a quantitative understanding of viral phylogeography},
	Volume = {1},
	Year = {2011}}

@article{Lemey2010,
	Author = {Lemey, Philippe and Rambaut, Andrew and Welch, John J. and Suchard, Marc A.},
	Doi = {10.1093/molbev/msq067},
	Eprint = {http://mbe.oxfordjournals.org/content/27/8/1877.full.pdf+html},
	Journal = {Molecular Biology and Evolution},
	Number = {8},
	Pages = {1877-1885},
	Title = {Phylogeography Takes a Relaxed Random Walk in Continuous Space and Time},
	Url = {http://mbe.oxfordjournals.org/content/27/8/1877.abstract},
	Volume = {27},
	Year = {2010},
	Bdsk-Url-1 = {http://mbe.oxfordjournals.org/content/27/8/1877.abstract},
	Bdsk-Url-2 = {http://dx.doi.org/10.1093/molbev/msq067}
}

@Article{rtrev,
   Author="Dimmic, M. W.  and Rest, J. S.  and Mindell, D. P.  and Goldstein, R. A. ",
   Title="{rt{R}{E}{V}: an amino acid substitution matrix for inference of retrovirus and reverse transcriptase phylogeny}",
   Journal="Journal of Molecular Evolution",
   Year="2002",
   Volume="55",
   Number="1",
   Pages="65--73",
   Month="Jul"
}


@Article{VT,
   Author="Muller, T.  and Vingron, M. ",
   Title="{{M}odeling amino acid replacement}",
   Journal="Journal of Computational Biology",
   Year="2000",
   Volume="7",
   Number="6",
   Pages="761--776"
}

@Article{MTZOA,
   Author="Rota-Stabelli, O.  and Yang, Z.  and Telford, M. J. ",
   Title="{{M}t{Z}oa: a general mitochondrial amino acid substitutions model for animal evolutionary studies}",
   Journal="Molecular Phylogenetics and Evolution",
   Year="2009",
   Volume="52",
   Number="1",
   Pages="268--272",
   Month="Jul"
}

@book{MTREV24,
  title={MOLPHY version 2.3: programs for molecular phylogenetics based on maximum likelihood},
  author={Adachi, Jun and Hasegawa, Masami},
  number={28},
  year={1996},
  publisher={Institute of Statistical mathematics Tokyo}  
}

@Article{MTMAM,
   Author="Cao, Y.  and Janke, A.  and Waddell, P. J.  and Westerman, M.  and Takenaka, O.  and Murata, S.  and Okada, N.  and Paabo, S.  and Hasegawa, M. ",
   Title="{{C}onflict among individual mitochondrial proteins in resolving the phylogeny of eutherian orders}",
   Journal="Journal of Molecular Evolution",
   Year="1998",
   Volume="47",
   Number="3",
   Pages="307--322",
   Month="Sep"
}

@Article{MTART,
   Author="Abascal, F.  and Posada, D.  and Zardoya, R. ",
   Title="{{M}t{A}rt: a new model of amino acid replacement for {A}rthropoda}",
   Journal="Molecular Biology and Evolution ",
   Year="2007",
   Volume="24",
   Number="1",
   Pages="1--5",
   Month="Jan"
}

@book{PAM,
  title={Atlas of Protein Sequence and Structure 1965},
  author={Dayhoff, M.O. and Eck, R.V. and National Biomedical Research Foundation (U.S.).},
  number={t. 1},
  url={http://books.google.be/books?id=9Hp5nAEACAAJ},
  year={1965},
  publisher={National Biomedical Research Foundation}
}

@Article{mtrev,
   Author="Adachi, J.  and Hasegawa, M. ",
   Title="{{M}odel of amino acid substitution in proteins encoded by mitochondrial {D}{N}{A}}",
   Journal="Journal of Molecular Evolution",
   Year="1996",
   Volume="42",
   Number="4",
   Pages="459--468",
   Month="Apr"
}

@Article{FLU,
AUTHOR = {Dang, Cuong and Le, Quang and Gascuel, Olivier and Le, Vinh},
TITLE = {FLU, an amino acid substitution model for influenza proteins},
JOURNAL = {BMC Evolutionary Biology},
VOLUME = {10},
YEAR = {2010},
NUMBER = {1},
PAGES = {99},
URL = {http://www.biomedcentral.com/1471-2148/10/99},
DOI = {10.1186/1471-2148-10-99},
PubMedID = {20384985},
ISSN = {1471-2148},
}

@Article{cprev,
   Author="Adachi, J.  and Waddell, P. J.  and Martin, W.  and Hasegawa, M. ",
   Title="{{P}lastid genome phylogeny and a model of amino acid substitution for proteins encoded by chloroplast {D}{N}{A}}",
   Journal="Journal of Molecular Evolution",
   Year="2000",
   Volume="50",
   Number="4",
   Pages="348--358",
   Month="Apr"
}

@Article{Nickle2007,
   Author="Nickle, D. C.  and Heath, L.  and Jensen, M. A.  and Gilbert, P. B.  and Mullins, J. I.  and Kosakovsky Pond, S. L. ",
   Title="{{H}{I}{V}-specific probabilistic models of protein evolution}",
   Journal="PLoS ONE",
   Year="2007",
   Volume="2",
   Number="6",
   Pages="e503"
}

@misc{mesquite,
  Author = {Maddison, W. P. and D.R. Maddison},
	Title = {{{M}esquite: a modular system for evolutionary analysis}},
	Url = {http://mesquiteproject.org},
	Version = {2.75},
	Year = {2011},
	Bdsk-Url-1 = {http://mesquiteproject.org}
}

@article{r8tes,
	Author = {Sanderson, M. J.},
	Journal = {Bioinformatics},
	Month = {Jan},
	Number = {2},
	Pages = {301--302},
	Title = {{r8s: inferring absolute rates of molecular evolution and divergence times in the absence of a molecular clock}},
	Volume = {19},
	Year = {2003}
}

@article{dawg,
  author = {Cartwright, R. A.}, 
  Title = {{{D}{N}{A} assembly with gaps ({D}awg): simulating sequence evolution}},
  volume = {21}, 
  number = {Suppl 3}, 
  Pages = {i31--38},
  year = {2005}, 
  doi = {10.1093/bioinformatics/bti1200}, 
  journal = {Bioinformatics} 
}

@article{Stoye1998,
	Author = {Stoye, J. and Evers, D. and Meyer, F.},
	Journal = {Bioinformatics},
	Number = {2},
	Pages = {157--163},
	Title = {{{R}ose: generating sequence families}},
	Volume = {14},
	Year = {1998}
}
	
@article{Strope2007,
	Author={Strope, C. L.  and Scott, S. D.  and Moriyama, E. N.},
	Title={indel-{S}eq-{G}en: a new protein family simulator incorporating domains, motifs, and indels},
	Journal={Molecular Biology and Evolution },
	Year={2007},
	Volume={24},
	Number={3},
	Pages={640--649},
	Month={Mar}
}

@Article{alf,
   Author="Dalquen, D. A.  and Anisimova, M.  and Gonnet, G. H.  and Dessimoz, C. ",
   Title="{{A}{L}{F}--a simulation framework for genome evolution}",
   Journal="Molecular Biology and Evolution ",
   Year="2012",
   Volume="29",
   Number="4",
   Pages="1115--1123",
   Month="Apr"
}

@Article{Arenas2007,
   Author={Arenas, M.  and Posada, D.},
   Title={{R}ecodon: coalescent simulation of coding {D}{N}{A} sequences with recombination, migration and demography},
   Journal={BMC Bioinformatics},
   Year={2007},
   Volume={8},
   Pages={458}
}

@Article{Arenas2010,
   Author="Arenas, M.  and Posada, D. ",
   Title="{{C}oalescent simulation of intracodon recombination}",
   Journal="Genetics",
   Year="2010",
   Volume="184",
   Number="2",
   Pages="429--437",
   Month="Feb"
}

@Article{Arenas2013,
   Author="Arenas, M.  and Dos Santos, H. G.  and Posada, D.  and Bastolla, U. ",
   Title="{{P}rotein evolution along phylogenetic histories under structurally constrained substitution models}",
   Journal="Bioinformatics",
   Year="2013",
   Volume="29",
   Number="23",
   Pages="3020--3028",
   Month="Dec"
}

@Article{Strope2009,
   Author="Strope, C. L.  and Abel, K.  and Scott, S. D.  and Moriyama, E. N. ",
   Title="{{B}iological sequence simulation for testing complex evolutionary hypotheses: indel-{S}eq-{G}en version 2.0}",
   Journal="Molecular Biology and Evolution ",
   Year="2009",
   Volume="26",
   Number="11",
   Pages="2581--2593",
   Month="Nov"
}

@Article{Pang2005,
   Author="Pang, A.  and Smith, A. D.  and Nuin, P. A.  and Tillier, E. R. ",
   Title="{{S}{I}{M}{P}{R}{O}{T}: using an empirically determined indel distribution in simulations of protein evolution}",
   Journal="BMC Bioinformatics",
   Year="2005",
   Volume="6",
   Pages="236"
}

@article{Carvajal2008,
   Title={{G}{E}{N}{O}{M}{E}{P}{O}{P}: a program to simulate genomes in populations},
   Author={Carvajal-Rodriguez, A.},
   Journal={BMC Bioinformatics},
   Year={2008},
   Volume={9},
   Pages={223}
}

@Article{Excoffier2000,
   Author="Excoffier, L.  and Novembre, J.  and Schneider, S. ",
   Title="{{S}{I}{M}{C}{O}{A}{L}: a general coalescent program for the simulation of molecular data in interconnected populations with arbitrary demography}",
   Journal="Journal of Heredity",
   Year="2000",
   Volume="91",
   Number="6",
   Pages="506--509"
}

@Article{Sipos2011,
AUTHOR = {Sipos, Botond and Massingham, Tim and Jordan, Gregory and Goldman, Nick},
TITLE = {PhyloSim - Monte Carlo simulation of sequence evolution in the R statistical computing environment},
JOURNAL = {BMC Bioinformatics},
VOLUME = {12},
YEAR = {2011},
NUMBER = {1},
PAGES = {104},
URL = {http://www.biomedcentral.com/1471-2105/12/104},
DOI = {10.1186/1471-2105-12-104},
PubMedID = {21504561},
ISSN = {1471-2105}
}